@book{womak:lean-thinking,
  author    = {James P. Womack and Daniel T. Jones},
  title     = {Lean Thinking, Second Edition},
  publisher = {Simon \& Schuster},
  year      = {2010}
}

@book{womak:arte-probabilita-coen,
  author    = {Daniele Coen},
  title     = {L'arte della probabilità. Certezze e incertezze della medicina},
  publisher = {Leanpub},
  year      = {2021}
}

@book{womak:event-storming,
  author    = {Alberto Brandolini},
  title     = {Introducing EventStorming},
  publisher = {Scienza e idee},
  year      = {2021}
}

@article{womak:recenti-progressi-medicina,
  author = {Giuseppe Parisi and Peter Konstantin Kurotschka},
  title  = {Dalla medicina basata sulle evidenze alla decisione condivisa con il paziente: come gestire l'incertezza nella pratica clinica},
  year   = {2022},
  volume = {113}
}

@article{womak:intelligenza-artificiale-e-medicina,
  author = {EngageMinds Hub and Consumer Food Health Engagement Research Center},
  title  = {Intelligenza artificiale e medicina},
  year   = {2023}
}

@article{womak:machine-learning-in-orthopedics,
  author = {Federico Cabitza, Angela Locoro, Giuseppe Banfi},
  title  = {Machine Learning in Orthopedics: A Literature Review},
  year   = {2018}
}

@article{womak:comparative-assesment,
  author = {Federico Cabitza, Andrea Campagner and Enrico Conte},
  title  = {Comparative Assessment of Two Data Visualizations to Communicate
            Medical Test Results Online},
  year   = {2022}
}

@article{womak:vague-visualizations-quantification-bias,
  author = {Michela Assale, Silvia Bordogna and Federico Cabitza},
  title  = {Vague Visualizations to Reduce Quantification Bias in Shared Medical Decision Making},
  year   = {2020}
}

@article{womak:tolleranza-incertezza,
  author = {Marij A. Hillen},
  title  = {Tolerance of uncertainty: Conceptual analysis, integrative model, and implications for healthcare},
  year   = {2017}
}

@article{womak:gigerenzer-euristiche,
  author = {Gigerenzer G},
  title  = {Fast and frugal heuristics: the tools of bounded rationality. Blackwell handbook of judgment and decision making},
  year   = {2004}
}

@article{womak:meta-ignoranza,
  author = {Han PK, Klein WM, Arora NK},
  title  = {Varieties of uncertainty in health care: a conceptual taxonomy},
  year   = {2011}
}

@article{womak:decisione-condivisa-kon,
  author = {Alexander A. Kon, MD},
  title  = {The Shared Decision-Making Continuum},
  year   = {2010}
}

@article{womak:guida-analisi-incertezza,
  author = {Comitato scientifico dell'EFSA},
  title  = {Guida sull'analisi dell'incertezza nelle valutazioni scientifiche},
  year   = {2018}
}

@article{womak:gestire-incertezza-clinica,
  author = {Lucia Craxì, Vito Di Marco},
  title  = {Come gestire l'incertezza nella pratica clinica?},
  year   = {2018}
}

@article{womak:role-decision-making,
  author = {S. K. Card et al},
  title  = {Understanding the Role of Visualizations on Decision Making: A Study on Working Memory},
  year   = {2020}
}

@online{site:agile-manifesto,
  title = {Manifesto agile},
  url   = {https://agilemanifesto.org/iso/it/manifesto}
}

@online{site:utilizzo-prom-prem,
  title = {L'utilizzo di PROM e PREM nei patient support program},
  url   = {https://phdlifescience.eu/lutilizzo-di-prom-e-prem-nei-patient-support-program/}
}

@online{site:intelligenza-artificiale-medicina,
  title = {Artificial Intelligence in medicine: applications, implications, and limitations},
  url   = {https://www.hunimed.eu/news/artificial-intelligence-in-medicine-applications-implications-and-limitations/}
}

% @online{site:parisi-deontologia-incertezza,
%   title = {Per una deontologia dell'incertezza},
%   url   = {https://ilpunto.it/professione/per-una-deontologia-dellincertezza/}
% }

